@misc{tinystories,
      title={TinyStories: How Small Can Language Models Be and Still Speak Coherent English?}, 
      author={Ronen Eldan and Yuanzhi Li},
      year={2023},
      eprint={2305.07759},
      archivePrefix={arXiv},
      primaryClass={cs.CL},
      url={https://arxiv.org/abs/2305.07759}, 
}
